@inproceedings{agrawal2018,
  author={Agrawal, Monica and Zitnik, Marinka and Leskovec, Jure},
  title = {Large-scale Analysis of Disease Pathways in the Human Interactome},
  year = {2018},
  booktitle = {Pacific Symposium on Biocomputing},
  volume = {23},
  pages = {111-122}
}

@article{kushary2021zttk,
  title={ZTTK syndrome: Clinical and molecular findings of 15 cases and a review of the literature},
  author={Kushary, Sulagna Tina and Revah-Politi, Anya and Barua, Subit and Ganapathi, Mythily and Accogli, Andrea and Aggarwal, Vimla and Brunetti-Pierri, Nicola and Cappuccio, Gerarda and Capra, Valeria and Fagerberg, Christina R and others},
  journal={American Journal of Medical Genetics Part A},
  volume={185},
  number={12},
  pages={3740--3753},
  year={2021},
  publisher={Wiley Online Library}
}

@article{nguyen2015novel,
  title={Novel drug target identification for the treatment of dementia using multi-relational association mining},
  author={Nguyen, Thanh-Phuong and Priami, Corrado and Caberlotto, Laura},
  journal={Scientific reports},
  volume={5},
  number={1},
  pages={1--13},
  year={2015},
  publisher={Nature Publishing Group}
}

@misc{biogrid,
  author="BioGRID",
  title = "The Biological General Repository for Interaction Datasets (BioGRID) is a public database that archives and disseminates genetic and protein interaction data from model organisms and humans",
  howpublished = "\url{https://thebiogrid.org/}",
  year = {2022}
}

@misc{disgenet,
  author="DisGeNET",
  title = "DisGeNET - a database of gene-disease associations",
  howpublished = "\url{https://www.disgenet.org/}",
  year = {2022}
}